<record><leader>00000cas a22000007a 4500</leader><controlfield tag="001">13059925</controlfield><controlfield tag="008">860124d18861891wvuwr ne      0    0eng d</controlfield><datafield ind1=" " ind2=" " tag="010"><subfield code="a">sn 86092132 </subfield></datafield><datafield ind1=" " ind2=" " tag="040"><subfield code="a">WVC</subfield><subfield code="b">eng</subfield><subfield code="c">WVC</subfield><subfield code="d">OCL</subfield><subfield code="d">OCLCQ</subfield></datafield><datafield ind1=" " ind2=" " tag="042"><subfield code="a">msc</subfield></datafield><datafield ind1="0" ind2="0" tag="245"><subfield code="a">Charleston weekly star.</subfield></datafield><datafield ind1=" " ind2=" " tag="260"><subfield code="a">Charleston, W. Va. :</subfield><subfield code="b">John Starr</subfield></datafield><datafield ind1=" " ind2=" " tag="300"><subfield code="a">v.</subfield></datafield><datafield ind1=" " ind2=" " tag="310"><subfield code="a">Weekly</subfield></datafield><datafield ind1="1" ind2=" " tag="362"><subfield code="a">Began in 1886?; ceased in 1891?</subfield></datafield><datafield ind1=" " ind2=" " tag="580"><subfield code="a">Issued also in dailies entitled: Charleston star, and: Charleston daily star.</subfield></datafield><datafield ind1=" " ind2=" " tag="588"><subfield code="a">Description based on: Vol. 2, no. 29 (Feb. 4, 1887).</subfield></datafield><datafield ind1=" " ind2=" " tag="752"><subfield code="a">United States</subfield><subfield code="b">West Virginia</subfield><subfield code="c">Kanawha</subfield><subfield code="d">Charleston.</subfield></datafield><datafield ind1="1" ind2=" " tag="775"><subfield code="t">Charleston star</subfield><subfield code="w">(DLC)sn 86092137</subfield></datafield><datafield ind1="1" ind2=" " tag="775"><subfield code="t">Charleston daily star</subfield><subfield code="w">(DLC)sn 86092138</subfield></datafield><datafield ind1="0" ind2="7" tag="785"><subfield code="t">State tribune (Charleston, W. Va.)</subfield><subfield code="w">(DLC)sn 86092131</subfield></datafield><datafield ind1="0" ind2="7" tag="785"><subfield code="t">Star weekly tribune</subfield><subfield code="w">(DLC)sn 86092133</subfield></datafield></record>